Automatically generated by Mendeley Desktop 1.19.3
Any changes to this file will be lost if it is regenerated by Mendeley.

BibTeX export options can be customized via Options -> BibTeX in Mendeley Desktop

@book{FATHURRAHMAN2018,
abstract = {Salah satu faktor serius yang dapat membahayakan kesehatan adalah terjatuh, khususnya bagi seorang pasien dan seorang lanjut usia. Sistem pendeteksi kondisi terjatuh berkontribusi dalam mencegah konsekuensi dari keterlambatan dalam memberikan pertolongan pertama dan cidera yang membahayakan kesehatan seseorang. Permasalahan utama dalam sistem pendeteksi kondisi terjatuh adalah bagaimana cara membedakan antara seseorang terjatuh dan seseorang yang sedang melakukan kegiatan sehari-hari. Pada penelitian sebelumnya terdapat kekurangan berupa ketidakmampuan dalam membedakan antara kegiatan sehari-hari dan kondisi terjatuh dengan sensitivitas sebesar 80{\%} dan spesifisitas sebesar 88{\%}. Pada tugas akhir ini akan membahas mengenai sistem pendeteksi kondisi terjatuh berbasis accelerometer dan gyroscope dengan menggunakan metode adaptive neuro fuzzy inference system (ANFIS). Dari penelitian ini didapatkan hasil bahwa metode ini dapat mendeteksi semua kegiatan yang meliputi 3 tipe kegiatan terjatuh dan 11 kegiatan sehari-hari dengan meletakkan sensor accelerometer dan gyroscope pada posisi dada dengan nilai range of influence sebesar 0.05 dengan sensitivitas sebesar 100{\%} dan spesifisitas sebesar 100{\%}, sedangkan dari hasil uji alat dengan meletakkan sensor pada posisi dada dan menggunakan nilai range of influence sebesar 0.1 didapatkan hasil alat ini memiliki sensitivitas dan spesifisitas masing-masing sebesar 100{\%} dan 91.67{\%}.},
address = {Surabaya},
author = {FATHURRAHMAN, LUTHFI},
keywords = {ANFIS.,Accelerometer,Gyroscope,Sistem pendeteksi kondisi terjatuh},
publisher = {Institut Teknologi Sepuluh Nopember},
title = {{SISTEM PENDETEKSI KONDISI TERJATUH BERBASIS ACCELEROMETER DAN GYROSCOPE MENGGUNAKAN ADAPTIVE NEURO FUZZY INFERENCE SYSTEM}},
year = {2018}
}
@incollection{Kesehatan,
author = {Kesehatan, Departemen},
chapter = {2018},
file = {:home/zain/.local/share/data/Mendeley Ltd./Mendeley Desktop/Downloaded/Kesehatan - 2018 - Jumlah lansia.pdf:pdf;:home/zain/.local/share/data/Mendeley Ltd./Mendeley Desktop/Downloaded/Kesehatan - 2018 - Jumlah lansia(2).pdf:pdf},
title = {{Jumlah lansia}},
url = {http://www.depkes.go.id/article/view/18050900001/lansia-sejahtera-masyarakat-bahagia-.html.},
year = {2018}
}
@article{Wibowo2011,
author = {Wibowo, M.Agung; Heri Suliantoro; Shinta Marithyanti1},
file = {:home/zain/.local/share/data/Mendeley Ltd./Mendeley Desktop/Downloaded/Wibowo - 2011 - EVALUASI DOKUMEN ASPEK TEKNIS PADA PROSES PELELANGAN KONTRAKTOR DENGAN APILKASI METODE AHP (ANALYTICAL HIERARCHY PROCESS.pdf:pdf},
keywords = {ahp,contractor,procurement},
number = {2},
pages = {113--120},
title = {{EVALUASI DOKUMEN ASPEK TEKNIS PADA PROSES PELELANGAN KONTRAKTOR DENGAN APILKASI METODE AHP (ANALYTICAL HIERARCHY PROCESS) M.Agung Wibowo *), Heri Suliantoro **), Shinta Marithyanti1 ***)}},
volume = {32},
year = {2011}
}
@article{Putchana2012,
abstract = {Global population aging leads to increased interests in preventive healthcare technology. As falls are the most common cause of injury or death in old persons, fall detection and movement classification is one of the key topics in this research area. In this paper we propose a simple wireless intelligent system prototype for fall detection and movement classification for real-time monitoring of the elderly. The portable sensor unit acquires data from a triaxial accelerometer and sends the data wirelessly to a computer using Zigbee technology. Alternative to classic methods, the movement data is analyzed using a fuzzy inference system. The system is designed to distinguish between four movement types: standing, sitting, forward fall, and backward fall. Its classification accuracy is investigated using experimental data. It is observed that the system performs well with high sensitivity and excellent specificity. Additionally, the system is applicable for monitoring rehabilitative patients and is extendable to a larger class of movements and postures. 2012 IEEE.},
author = {Putchana, Wuttichai and Chivapreecha, Sorawat and Limpiti, Tulaya},
doi = {10.1109/BMEiCon.2012.6465472},
file = {:home/zain/Documents/didinTA/latex/teori penunjang/international jurnal/out of year/Wireless Intelligent Fall Detection and Movement.pdf:pdf},
isbn = {9781467348928},
issn = {2334-3052},
journal = {5th 2012 Biomedical Engineering International Conference, BMEiCON 2012},
keywords = {Fall detection,Fuzzy logic,Movement classification,Triaxial accelerometer,Zigbee technology},
title = {{Wireless intelligent fall detection and movement classification using fuzzy logic}},
year = {2012}
}
@article{Agustina2014,
author = {Agustina, Lisa},
file = {:run/media/zain/education, work/kuliah S1/Tugas Akhir/Persiapan proposal TA/teori penunjang/jatuh pada lansia/DESKRIPTIF
TENTANG
KARAKTERISTIK
LINGKUNGAN YANG BERISIKO TERJADINYA
JATUH PADA LANSIA DI DESA SUSUKAN
KECAMATAN SUSUKAN KABUPATEN SEMARANG.pdf:pdf},
journal = {FIKkes Jurnal Keperawatan},
number = {2},
pages = {100--106},
title = {{Deskriptif Tentang Karakteristik Lingkungan Yang Berisiko Terjadinya Jatuh Pada Lansia Di Desa Susukan Kecamatan Susukan Kabupaten Semarang}},
volume = {7},
year = {2014}
}
@book{SiemensMatsushitaComponents2010,
author = {{Siemens Matsushita Components}},
pages = {304},
title = {{Capacitors for Power Factor Correction and Filtering (MKK)}},
year = {2010}
}
@book{Fatkhurrohman2015,
abstract = {JOB P-PEJ (Joint Operating Body Pertamina – Petrochina East Java), Tuban bergerak dalam bidang produksi minyak dan gas. Central Processing Area (CPA) merupakan suatu tempat untuk proses pemisahan fluida dan gas lebih lanjut. Dalam kegiatan produksinya, plant CPA JOB P-PEJ (Central Processing Area Joint Operating Body Pertamina – Petrochina East Java), Tuban menggunakan berbagai macam peralatan elektronika daya seperti variable speed drive (VSD), lampu fluorescent, dan lain - lain. Efek dari penggunaan alat –alat tersebut yaitu menimbulkan permasalahan kualitas daya (power quality) yaitu berupa munculnya gangguan harmonisa dalam sistem tenaga listrik yaitu pada MCC PAD A THDV 9.63{\%}, BB MCC PAD-B THDV 8.73{\%},BB MCC PAD C THDV 9.55{\%} dan MCC5.2 THDV 6.49{\%}. selain itu operasi yang digunakan pada Plant CPA saat ini adalah PP1 dan PP2 (yang mengalami penambahan generator Centaur 2 dan 4 motor pump baru) yang bekerja secara independen (konfigurasi belum terintergrasi). Untuk meningkatkan keandalan di plant CPA secara keseluruhan (PP1 dan PP2) maka akan ada wacana PP1 dan PP2 ke depan dioperasikan terintegrasi. Pada tugas akhir ini, software yang digunakan untuk proses simulasi adalah ETAP 7.5 untuk melakukan peredaman harmonisa dengan menggunakan filter pasif yang didesain saat konfigurasi belum terintergrasi. Hasil dari tugas akhir ini menunjukkan bahwa penggunaan filter pasif single tuned yang didesain saat konfigurasi belum terintergrasi dapat mengurangi nilai harmonisa yang ditimbulkan sehingga memenuhi standar IEEE Std. 519-1992 baik untuk konfigurasi belum terintergrasi maupun untuk konfigurasi terintergrasi dalam wacana kedepanya.},
address = {Surabaya},
author = {Fatkhurrohman, Mas},
title = {{DESAIN FILTER PASIF HARMONISA PADA SISTEM KELISTRIKAN CPA PETROCHINA TUBAN}},
year = {2015}
}
@article{Ashar2016a,
author = {Ashar, Permata Hidayat},
file = {:home/zain/Documents/didinTA/latex/teori penunjang/jatuh pada lansia/GAMBARAN PERSEPSI FAKTOR RISIKO JATUH PADA
LANSIA DI PANTI WERDHA BUDI MULIA 4 MARGAGUNA
JAKARTA SELATAN.pdf:pdf},
title = {{Gambaran Persepsi Faktor Resiko Jatuh Pada Lansia di Panti Werdha Budi Mulia 4 Maraguna Jakarta Selatan}},
year = {2016}
}
@article{Perkasa2017,
abstract = {ABSTRAK Pada penelitian ini, sensor Gyroscope digunakan sebagai alat pengukur sudut lutut. Pengukuran sudut ini dilakukan untuk mendiagnosis penyakit pada pasien yang mengalami gangguan atau cedera lutut dan evaluasi pola jalan manusia. Alat pengukur sudut ini terdiri dari 3 sistem yaitu sistem tungkai bawah, sistem tungkai atas dan sistem komunikasi data. Media komunikasi data yang digunakan adalah radio frekuensi 2,4 GHz untuk mentransfer data sudut lutut antar sistem secara wireless. Sensor Gyroscope ditempelkan pada suatu divais mekanik berbahan acrylic sebagai representasi sistem tungkai kaki bawah dan sistem tungkai kaki atas. Kedua sensor tersebut digunakan untuk mengukur percepatan sudut dari kedua sistem tungkai kaki. Kemudian data tersebut diolah menjadi nilai sudut lutut menggunakan kontroler berbasis Arduino. Pengujian alat ini mencakup pengujian sistem tungkai bawah, sistem tungkai atas dan sistem komunikasi data. Dari hasil pengujian diperoleh nilai error sebesar 3 derajat untuk sistem tungkai bawah dan 2 derajat untuk sistem tungkai atas terhadap hasil pengukuran dengan goniometer yang biasa digunakan untuk mengukur sudut lutut oleh tenaga medis. Sistem komunikasi data wireless juga telah berhasil mengirimkan data sudut secara utuh. Kata Kunci: Arduino, Gyroscope, Radio Frekuensi, Sudut lutut, Wireless. ABSTRACT Gyroscope sensor was used to measure a knee angle. The angle measurement is useful to diagnose an early symptom of some patient with disorders or knee injuries as well as to evaluation of gait analysis. The device consist of three system i.e. lower limb system, upper limb system and communication. The radio frequency of 2.4 GHz was used to transfer knee angle data between two systems. Gyroscope sensor were affixed on upper and lower part of the mechanical hinge device that built from acrylic. These device device was representative of the knee joint. Both sensors were used to measure the angular acceleration between the upper part and lower part of leg. The data is then processed into value-based knee angle using Arduino controller. All three system were tested to measure the lower limb angle and the upper limb angel. The results showed that error angle measurment of the lower limb and upper limb are 3 degrees and 2 degrees, respectively, relative to a goniometer measurement as a standard non electronics tool to measure the knee angle. In addition, the data was also successfully transferred wirelessly.},
author = {Perkasa, Teguh and Rachmat, Hendi Handian},
journal = {ELKOMIKA: Jurnal Teknik Energi Elektrik, Teknik Telekomunikasi, {\&} Teknik Elektronika},
number = {1},
pages = {2459--9638},
title = {{Perancangan Alat Ukur Sudut Tekuk Lutut Wireless menggunakan Sensor Gyroscope berbasis ATMega 328 dan ATMega 2560}},
volume = {5},
year = {2017}
}
@article{Juarsi2017,
abstract = {Florescence Imaging merupakan salah satu metode nondestruktif yang dapat digunakan dalam klasifikasi tingkat kematangan. Penentuan kematangan buah juga dapat ditentukan secara destruktif dengan menguji tingkat kekerasan pada buah. Penelitian ini bertujuan untuk mengetahui hubungan antara intensitas fluoresensi pada buah kelapa sawit terhadap tingkat kematangan berdasarkan sifat fisika buah yaitu kekerasan. Sistem ini terdiri dari laser dioda merah dengan panjang gelombang 650 nm, filter warna, dan kamera CMOS monokrom. Filter yang digunakan adalah filter warna magenta dengan bandwidth 395 nm sampai 440 nm dan 645 nm sampai 750 nm. Sampel merupakan TBS kelapa sawit dari varietas Tenera klon Topaz. Sampel terdiri dari tiga tingkat kematangan yang diwakili oleh lima fraksi yaitu F0, F1, F2, F3, dan F4. Sinar laser dengan ukuran berkas kecil disinari ke 5 buah kelapa sawit pada bagian tengah depan TBS secara bergantian. Buah yang disinari laser direkam oleh kamera dan citra yang diperoleh diolah dengan software ImageJ sehingga didapat nilai keabu-abuan (gray value). Buah kelapa sawit yang telah disinari kemudian di lepas dari tandan sebanyak 2 buah untuk diuji kekerasannya. Hasil penelitian menunjukkan bahwa intensitas fluoresensi yang diwakili oleh gray value rata-rata meningkat seiring dengan kematangan buah. Buah mentah memiliki nilai kekerasan yang tinggi, kekerasan buah menurun saat buah matang hingga lewat matang. Korelasi gray value rata-rata dan kekerasan buah rata-rata memiliki nilai R2 sebesar 0,922. Metode ini potensial untuk menganalisa intensitas fluoresensi terhadap tingkat kematangan buah kelapa sawit.},
author = {Juarsi, Noerani Suciayu and Minarni},
journal = {Proseding Seminar Nasional Fisika Universitas Riau 2017},
number = {1},
title = {{No TitleAnalisa Hubungan antara Intensitas Fluoresensi dan Tingkat Kematangan Buah Kelapa Sawit Berdasarkan Nilai Kekerasan Buah Menggunakan Metode Fluorescence Imaging}},
url = {http://snf.fmipa.unri.ac.id/wp-content/uploads/2017/10/SNF-UR-2-2017.pdf},
year = {2017}
}
@misc{LesnantoMultaPS.T.2013,
author = {{Lesnanto Multa P, S.T.}, M.Eng and Aridani, Restu Prima},
booktitle = {UGM},
title = {{Modul Pelayihan Etap}},
url = {http://dennydio.staf.akprind.ac.id/wp/wp-content/uploads/2017/11/Modul-Pelatihan-ETAP.pdf},
urldate = {2017-12-08},
year = {2013}
}
@techreport{Wibawa2013,
abstract = {SD BALA KESELAMATAN yang beralamatkan di Dr. Cipto No. 64 B merupakan Sekolah Swasta yang jumlah data siswa pada akhir tahun 2012 berjumlah 104 siswa dengan perincian kelas 1 berjumlah 10 orang, kelas 2 berjumlah 15 orang, kelas 3 berjumlah 18 orang, kelas 4 berjumlah 20 orang, kelas 5 berjumlah 16 orang kelas 6 berjumlah 27 orang. Sistem dalam pembayaran SPP di saat ini menggunakan sistem proses yang sederhana dalam melaksanakan kegiatan seperti pada saat siswa melakukan pembayaran masih dicatat dalam buku Pembayaran siswa sehingga pada saat siswa akan membayar harus membuka data mencatat pada buku Pembayaran siswa satu persatu sehingga kurang efektif dalam pekerjaan. Dalam menyelesaikan permasalahan tersebut maka penulis merancang suatu Sistem Informasi Pembayaran SPP. Perancangan ini, penulis menggunakan bahasa pemograman Visual Basic 6.0 dengan format database SQL Server 2000 berbasis Client Server. Dengan perancangan aplikasi tersebut di harapkan Sekolah Dasar Bala Keselamatan memperoleh kemudahan dalam menginput data sekaligus membantu pihak sekolah untuk menyusun laporan pembayaran SPP menjadi cepat dan lebih efisien},
address = {Semarang},
author = {Wibawa, Eka Satria},
institution = {Sekolah Tinggi Elektronika dan Komputer (STEKOM)},
keywords = {Pembayaran SPP,Sistem Informasi,Siswa},
pages = {4},
title = {{RANCANG BANGUN APLIKASI ADMINITRASI PEMBAYARAN SPP RANCANG BANGUN APLIKASI ADMINITRASI PEMBAYARAN SPP PADA SD BALA KESELAMATAN KOTA SEMARANG BERBASIS PADA SD BALA KESELAMATAN KOTA SEMARANG BERBASIS CLIENT SERVER}},
year = {2013}
}
@article{Kwolek2016,
abstract = {In this paper, we present a new approach for reliable fall detection. The fuzzy system consists of two input Mamdani engines and a triggering alert Sugeno engine. The output of the first Mamdani engine is a fuzzy set, which assigns grades of membership to the possible values of dynamic transitions, whereas the output of the second one is another fuzzy set assigning membership grades to possible body poses. Since Mamdani engines perform fuzzy reasoning on disjoint subsets of the linguistic variables, the total number of the fuzzy rules needed for input-output mapping is far smaller. The person pose is determined on the basis of depth maps, whereas the pose transitions are inferred using both depth maps and the accelerations acquired by a body worn inertial sensor. In case of potential fall a threshold-based algorithm launches the fuzzy system to authenticate the fall event. Using the accelerometric data we determine the moment of the impact, which in turn helps us to calculate the pose transitions. To the best of our knowledge, this is a new application of fuzzy logic in a novel approach to modeling and reliable low cost detecting of falls.},
author = {Kwolek, Bogdan and Kepski, Michal},
doi = {10.1016/j.asoc.2015.11.031},
file = {:home/zain/Documents/didinTA/latex/teori penunjang/international jurnal/Fuzzy inference-based fall detection using kinect and body-wornaccelerometer.pdf:pdf},
isbn = {9783642293467},
issn = {15684946},
journal = {Applied Soft Computing Journal},
keywords = {Fall detection,Fuzzy logic,Human activity analysis},
pages = {305--318},
publisher = {Elsevier B.V.},
title = {{Fuzzy inference-based fall detection using kinect and body-worn accelerometer}},
url = {http://dx.doi.org/10.1016/j.asoc.2015.11.031},
volume = {40},
year = {2016}
}
@article{Karim2011,
abstract = {Management Information Systems (MIS) is the key factor to facilitate and attain efficient decision making in an organization. This research explores the extent to which management information systems implemented to make successful decisions at two selected financial organizations. The research examined whether the selected financial institutions of Bahrain vary as to the use of Management Information Systems leadership of decision making for strategic and tactical planning purposes. The research adapted the quantitative research design to examine two research hypotheses. A total of 190 forms were equally distributed to those who are working at different management levels at the selected organizations. The results of the research showed that MIS was primarily used to enhance strategic planning in both financial institutions. The regression analysis revealed that Tactical planning is found to have no effect on Decision Making, while Strategic planning has a clear effect on the Decision Making Effectiveness in both organizations. [PUBLICATION ABSTRACT]},
author = {Karim, Akram Jalal},
doi = {10.4301/S1807-17752011000200011},
file = {:home/zain/.local/share/data/Mendeley Ltd./Mendeley Desktop/Downloaded/Karim - 2011 - The Significance of Management Information Systems for Enhancing Strategic and Tactical Planning.pdf:pdf},
issn = {18071775},
journal = {JISTEM Journal of Information Systems and Technology Management},
keywords = {decision,management information systems,strategic planning,tactical planning},
number = {2},
pages = {459--470},
title = {{The Significance of Management Information Systems for Enhancing Strategic and Tactical Planning}},
url = {http://www.jistem.fea.usp.br/index.php/jistem/article/view/10.4301{\%}252FS1807-17752011000200011},
volume = {8},
year = {2011}
}
@book{IEEE1993,
abstract = {This guide applies to all types of static power converters used in industrial and commercial power systems. The problems involved in the harmonic control and reactive power compensation of such converters are addressed, and an application guide is provided. Limits of disturbances to the AC power distribution system that affect other equipment and communications are recommended.{\textless}{\textless}ETX{\textgreater}{\textgreater}},
author = {IEEE},
booktitle = {IEEE Std 519-1992},
doi = {10.1109/IEEESTD.2014.6826459},
file = {:home/zain/.local/share/data/Mendeley Ltd./Mendeley Desktop/Downloaded/IEEE - 1993 - IEEE Recommended Practices and Requirements for Harmonic Control in Electrical Power Systems.pdf:pdf},
isbn = {VO -},
keywords = {AC power distribution system,IEEE recommended practice,compensation,distribution networks,disturbances,harmonic control,power convertors,power system control,power system harmonics,reactive power,reactive power compensation,standards,static power converters},
pages = {1--101},
title = {{IEEE Recommended Practices and Requirements for Harmonic Control in Electrical Power Systems}},
url = {http://ieeexplore.ieee.org/stamp/stamp.jsp?tp={\&}arnumber=210894},
year = {1993}
}
@article{Fauzan2015,
author = {Fauzan, M Reza and Martin, Yul and Haris, Abdul},
file = {:home/zain/.local/share/data/Mendeley Ltd./Mendeley Desktop/Downloaded/Fauzan, Martin, Haris - 2015 - Analisa Harmonisa Akibat Pengaruh Penggunaan Converter pada Kereta Rel Listrik 1x25 kV Jogyakarta-Solo.pdf:pdf},
journal = {Volume 9, No. 3, September},
keywords = {converter,harmonic distortion,singel tuned filter},
number = {3},
title = {{Analisa Harmonisa Akibat Pengaruh Penggunaan Converter pada Kereta Rel Listrik 1x25 kV Jogyakarta-Solo}},
volume = {9},
year = {2015}
}
@article{Darajat2012,
abstract = {Telemetri adalah suatu proses yang digunakan untuk mengukur atau mencatat suatu besaran fisik pada suatu lokasi yang letaknya jauh dari pusat pengolahan hasil pengukuran. Sistem telemetri pada wahana udara tak berawak dapat memberikan informasi seperti posisi, ketinggian, arah, dan status wahananya sendiri secara real time pada saat wahana udara dioperasikan. Sistem ini terdiri dari hardware dan software. Hardware berupa perangkat IMU yang terdiri dari mikrokontroler dan sensor. Untuk software terdiri dari sistem ground station yang menerima dan mengolah data dari IMU. Pada software dilengkapi dengan sistem instrumentasi pesawat. Pada hasil pengujian, sistem IMU sudah dapat memberikan informasi kemiringan wahana, meski masih terdapat noise pada output dari setiap sensor. Instrumentasi wahana sudah dapat berfungsi dengan baik menunjukan perilaku wahana. Penjejakan sudah dapat dilakukan dengan menggunakan ground station.},
author = {Darajat, Anisa Ulya and Komarudin, M and S, Sri Ratna},
file = {:home/zain/Documents/didinTA/latex/teori penunjang/jatuh pada lansia/SISTEM TELEMETRI Unmanned Aerial Vehicle (UAV)
BERBASIS Inertial Measurement Unit (IMU) .pdf:pdf},
journal = {Universitas Lampung, Bandar Lampung},
keywords = {akselerasi linear yang kemudian,cpu,dan,dikirim ke central,ground control station,imu,instrumentation rides,mengumpulkan data kecepatan angular,processing unit,real time,telemetry,untuk mendapatkan data},
number = {3},
pages = {169--177},
title = {{SISTEM TELEMETRI Unmanned Aerial Vehicle ( UAV ) BERBASIS Inertial Measurement Unit ( IMU )}},
year = {2012}
}
@article{Ui2008,
author = {Ui, F T},
file = {:home/zain/.local/share/data/Mendeley Ltd./Mendeley Desktop/Downloaded/Ui - 2008 - Analisis penggunaan single..., Aris Pramnamto, FT UI, 2008.pdf:pdf},
pages = {1--3},
title = {{Analisis penggunaan single..., Aris Pramnamto, FT UI, 2008}},
year = {2008}
}
@article{Pi,
author = {Pi, Kontroler and Pelindung, Sebagai and Dari, Kapasitor},
file = {:home/zain/.local/share/data/Mendeley Ltd./Mendeley Desktop/Downloaded/Pi, Pelindung, Dari - Unknown - ANALISIS PENGARUH PEMASANGAN MINI CAPACITOR BANK TERHADAP KUALITAS LISTRIK DI RUMAH TANGGA SERTA PERANCA.pdf:pdf},
pages = {1--6},
title = {{ANALISIS PENGARUH PEMASANGAN MINI CAPACITOR BANK TERHADAP KUALITAS LISTRIK DI RUMAH TANGGA SERTA PERANCANGAN FILTER AKTIF MENGGUNAKAN KONTROLER PI SEBAGAI PELINDUNG KAPASITOR DARI HARMONISA Noptin Harpawi}}
}
@article{Santoso2013,
author = {Santoso, Ari Beni and Martinus and Sugyanto},
file = {:home/zain/.local/share/data/Mendeley Ltd./Mendeley Desktop/Downloaded/Santoso, Martinus, Sugyanto - 2013 - Pembuatan Otomasi Pengaturan Kereta Api , Pengereman , Dan Palang Pintu Pada Rel Kereta Api Mainan.pdf:pdf},
journal = {Jurnal FEMA},
keywords = {automation systems,braking systems,microcontroller,optocoupler},
number = {Januari 2013},
pages = {16--23},
title = {{Pembuatan Otomasi Pengaturan Kereta Api , Pengereman , Dan Palang Pintu Pada Rel Kereta Api Mainan Berbasis Mikrokontroler}},
volume = {1},
year = {2013}
}
@article{Franata2014,
author = {Franata, Rendy and Tusi, Ahmad},
journal = {Jurnal Teknik Pertanian Lampung},
keywords = {and soil water content,drip irrigation,microcontroller},
number = {1},
pages = {19--26},
title = {{Rancang Bangun Sistem Irigasi Tetes Otomatis Berbasis Perubahan Kadar Air tanah dengen Menggunakan Mikrokontroler Arduino Nano}},
volume = {4},
year = {2014}
}
@article{Priyadi,
abstract = {Harmonics is a phenomenon in power system that the content of the signal whose frequency is an integer multiple of the fundamental system frequency. The presence of harmonics distorts the waveform shape of the voltage and current, increase the current level, changes power level supply, which in turn can affect the lifetime of devices. The caused of harmonics in a power system are from highly nonlinear devices. Energy saving lamp (LHE) is one of rhe major of harmonics causes in power systems. Nowadays, the using of energy saving lamp (LHE) in our society is getting more increase day after day since energy crisis. Based on industrial department as mentioned in Republika website, the need of LHE in Indonesia on 2009 will be increased until 60{\%}. This paper focus on study of filter circuit using to minimize harmonics affect's in LHE.},
author = {Priyadi, Irnanda},
file = {:home/zain/.local/share/data/Mendeley Ltd./Mendeley Desktop/Downloaded/Priyadi - Unknown - Studi Penggunaan Rangkaian Filter Untuk Mengurangi Efek Harmonisa Pada Lampu Hemat Energi.pdf:pdf},
title = {{Studi Penggunaan Rangkaian Filter Untuk Mengurangi Efek Harmonisa Pada Lampu Hemat Energi}}
}
@misc{Indonesia2016,
author = {Indonesia, PT. Semen},
title = {{Laporan tahunan 2016}},
urldate = {2017-01-01},
year = {2016}
}
@article{Shen2015,
abstract = {The falling down problem has become one of the very important issues of global public health in an aging society. The specific equipment was adopted as the detection device of falling-down in the early studies, but it is inconvenient for the elderly and difficult for future application. The smart phone more commonly used than the specific fall detection equipment is selected as a mobile device for human fall detection, and a fall detection algorithm is developed for this purpose. What the user has to do is to put the smart phone in his/her thigh pocket for falling down detection. The signals detected by the tri-axial G-sensor are converted into signal vector magnitudes as the basis of detecting a human body in a stalling condition. The Z-axis data sets are captured for identification of human body inclination and the occurrence frequencies at the peak of the area of use are used as the input parameters. A high-level fuzzy Petri net is used for the analysis and the development of identifying human actions, including normal action, exercising, and falling down. The results of this study can be used in the relevant equipments or in the field of home nursing.},
author = {Shen, Victor R L and Lai, Horng Yih and Lai, Ah Fur},
doi = {10.1016/j.asoc.2014.10.028},
file = {:home/zain/Documents/didinTA/latex/teori penunjang/international jurnal/The implementation of a smartphone-based fall detection systemusing a high-level fuzzy Petri net.pdf:pdf},
issn = {15684946},
journal = {Applied Soft Computing Journal},
keywords = {Fall detection,G-sensor,High-level fuzzy,Homecare,Petri net,Smartphone},
pages = {390--400},
publisher = {Elsevier B.V.},
title = {{The implementation of a smartphone-based fall detection system using a high-level fuzzy Petri net}},
url = {http://dx.doi.org/10.1016/j.asoc.2014.10.028},
volume = {26},
year = {2015}
}
@article{Yu2017,
abstract = {Abstract—This paper studies the linear matrix inequality (LMI)-based fuzzy control of a self-balancing two-wheeled robot using particle swarm optimization (PSO). The Takagi- Sugeno (T-S) fuzzy dynamical model has been established for the equation of motion of self-balancing two-wheeled robot. The proposed novel LMI-based PSO algorithm not only stabilizes the self-balance control system of two-wheeled robot but also seeks the best control gains. Computer simulation illustrates the effectiveness of this PSO-based fuzzy control.},
author = {Yu, Gwo-ruey},
file = {:run/media/zain/education, work/kuliah S1/Tugas Akhir/Persiapan proposal TA/teori penunjang/international jurnal/tambahan optimasi/tambahan/PSO-based Fuzzy Control of a Self-Balancing Two-Wheeled Robot.pdf:pdf},
isbn = {9781509049172},
journal = {IEEE},
keywords = {-self-balancing two-wheeled robot,-t,algorithm,graduate institute of opto-mechatronic,h,huang,lmi-based pso,t-s fuzzy control,yuan-kai leu},
pages = {1--5},
title = {{PSO-based Fuzzy Control of a Self-Balancing Two-Wheeled Robot}},
year = {2017}
}
@article{Lubis2011,
abstract = {PT Semen Gresik (Persero) Tbk. saat ini mempunyai kapasitas produksi 2,5 juta ton semen /tahun, akan ditingkatkan menjadi 3 juta ton semen /tahun. Untuk mendukung peningkatan produksi tersebut, akan dibangun Pabrik Semen Tuban IV. Dengan peningkatan produksi ini akan muncul permasalahan power quality dalam sistem kelistrikannya. Diantara dampak yang muncul akibat penambahan kapasitas produksi adalah voltage sag akibat starting motor, power factor turun dan munculnya harmonisa. Dengan adanya voltage sag akan berpengaruh pada peralatan – peralatan yang sensitif terhadap penurunan tegangan. Penurunan power factor dan munculnya harmonisa juga akan mengurangi efisiensi dari penggunaan energi listrik. Untuk itu diperlukan analisis terhadap sistem kelistrikannya guna mengurangi dampak akibat penambahan kapasitas produksi. Tugas akhir ini akan membahas evaluasi penurunan power quality pada sistem kelistrikan PT Semen Gresik (Persero) Tbk. Pabrik Semen Tuban IV dan upaya penanggula},
author = {Lubis, Arrifat},
file = {:home/zain/.local/share/data/Mendeley Ltd./Mendeley Desktop/Downloaded/Lubis - 2011 - Analisis dan Simulasi Kualitas Daya Faktor Daya, Tegangan Kedip, dan Harmonisa pada Perencanaan Sistem Kelistrikan PT. Se.pdf:pdf},
journal = {Proceeding Tugas Akhir Jurusan Teknik Elektro FTI – ITS},
title = {{Analisis dan Simulasi Kualitas Daya: Faktor Daya, Tegangan Kedip, dan Harmonisa pada Perencanaan Sistem Kelistrikan PT. Semen Gresik (Persero) Tbk. Pabrik Semen Tuban IV}},
year = {2011}
}
@article{Pt,
author = {Pt, D I and Lamongan, Bumi and Wbl, Sejati and Elektro, Teknik and Industri, Fakultas Teknologi},
file = {:home/zain/.local/share/data/Mendeley Ltd./Mendeley Desktop/Downloaded/Pt et al. - Unknown - Perbaikan Faktor Daya Pada Line Mess I.pdf:pdf},
keywords = {bank capacitor,power factor,reactive power},
title = {{Perbaikan Faktor Daya Pada Line Mess I}}
}
@article{Loho2015,
author = {Loho, Hendrik R and Sinsuw, Alicia A E and Najoan, Xaverius B N},
keywords = {load balance,smart city,wireless integration,wireless networking},
pages = {28--34},
title = {{obtained di after Kawasan Analisa dan Perancangan Integrasi Boulevard Manado Sulawesi Utara}},
volume = {1},
year = {2015}
}
@article{LTC2018,
author = {{Linear Technology Corporation}},
file = {:home/zain/.local/share/data/Mendeley Ltd./Mendeley Desktop/Downloaded/Linear Technology Corporation - Unknown - LTC4056 Linear Li-Ion Charger with Termination in ThinSOT.pdf:pdf},
keywords = {Datasheet},
number = {V},
pages = {1--16},
title = {{LTC4056 Linear Li-Ion Charger with Termination in ThinSOT}}
}
@misc{Aceh2017a,
author = {Aceh, Semen Indonesia},
title = {{History Semen Indonesia}},
url = {http://semenindonesiaaceh.com/history/},
urldate = {2017-01-01},
year = {2017}
}
@article{Sonjaya2013,
abstract = {applicability for this approach.},
archivePrefix = {arXiv},
arxivId = {arXiv:1011.1669v3},
author = {Sonjaya, Ujang},
doi = {10.1017/CBO9781107415324.004},
eprint = {arXiv:1011.1669v3},
file = {:home/zain/.local/share/data/Mendeley Ltd./Mendeley Desktop/Downloaded/Sonjaya - 2013 - Rancang Bangun Sistem Kontrol Konveyor Penghitung Barang Menggunakan Plc (Programmable Logic Controller) Omron Tipe Cpm.pdf:pdf},
isbn = {9788578110796},
issn = {1098-6596},
journal = {Journal of Chemical Information and Modeling},
keywords = {icle},
number = {9},
pages = {1689--1699},
pmid = {25246403},
title = {{Rancang Bangun Sistem Kontrol Konveyor Penghitung Barang Menggunakan Plc (Programmable Logic Controller) Omron Tipe Cpm1a 20 Cdr}},
volume = {53},
year = {2013}
}
@article{IUCN2006,
abstract = {Needs for long-distance control systems increasing, where the displacement and movement of people is getting vast and faster. During this time, peoples can control something from far away using remote control, but the control are limited by distance. In order for the distance getting vast, one of the solution is using mobile phones with android system operation as a remote control which utilizes internet network. Therefore, activities for development of prototype application for control system of electric on android are implemented. Designing user interface which attractive and easy to understand by the user is very important in this development. Microcontroller is usage as a medium of communication between the control unit with electric equipment to be controlled (lights). Ethernet Shield for microcontroller role is in order to microcontroller connected to internet network. With this application is expected to be one of the new alternative solution for system control for electric equipment from far away.},
author = {IUCN},
file = {:run/media/zain/education, work/kuliah S1/Tugas Akhir/Persiapan proposal TA/teori penunjang/dasar teori/arduino/PEMBANGUNAN PROTOTIPE SISTEM PENGENDALIAN PERALATAN
LISTRIK PADA PLATFORM ANDROID.pdf:pdf},
keywords = {1,2087,4,5266,android,april 2013 issn,control,ethernet shiled,januari,microcontroller,no,vol,yaler},
number = {1},
pages = {13--25},
title = {{Монгол Орны Хөхтөн Амьтны Улаан Данс}},
volume = {4},
year = {2006}
}
@article{Er2018,
abstract = {This paper presents a health condition monitoring solution that detects an elderly accidental fall occurrence. The fall detection algorithm implements both accelerometer-based and sound-based detections for the possible occurrence of a valid fall. The accelerometer-based fall detection is instrumental in the detection of a valid fall occurrence. However, it has been shown that by using accelerometer alone is insufficient to accurately detect a fall, as the accelerometer misinterprets some daily motion activities and classified them as valid falls. The sound sensor can be used to detect the sound pressure generated from a resultant fall, but sound pressure cannot by itself be used as a reliable indicator of a fall. Thus, a fuzzy logic-based fall detection algorithm is developed to process the output signals from the accelerometer and sound sensor, where a valid fall activity detected by the accelerometer, coupled with a detected sound pressure from the resultant fall can infer an occurrence of a valid fall. This paper demonstrates the fuzzy logic algorithm to improve the accuracy of detecting a valid fall as compared to the accelerometer only fall detection algorithm and it can be demonstrated that the algorithm is capable of minimizing false fall detections per day from high of 1.37 to low of 0.06.},
author = {Er, Poi Voon and Tan, Kok Kiong},
doi = {10.1016/j.measurement.2018.04.009},
file = {:home/zain/Documents/didinTA/latex/teori penunjang/international jurnal/Non-intrusive fall detection monitoring for the elderly based on fuzzy logic.pdf:pdf},
issn = {02632241},
journal = {Measurement: Journal of the International Measurement Confederation},
keywords = {Accelerometer,Fall detection,Fuzzy logic,Sensor fusion,Sound sensor},
number = {April},
pages = {91--102},
publisher = {Elsevier},
title = {{Non-intrusive fall detection monitoring for the elderly based on fuzzy logic}},
url = {https://doi.org/10.1016/j.measurement.2018.04.009},
volume = {124},
year = {2018}
}
@article{For2011,
author = {For, Ractices},
file = {:home/zain/.local/share/data/Mendeley Ltd./Mendeley Desktop/Downloaded/For - 2011 - Purpose Fo r R ef er en nl y Fo r R There are three parts to this survey er en ce nl y.pdf:pdf},
isbn = {8862280947},
journal = {Learning},
pages = {1--6},
title = {{Purpose : Fo r R ef er en nl y Fo r R There are three parts to this survey : er en ce nl y}},
year = {2011}
}
@misc{SuharyantoUGM2008,
author = {Suharyanto(UGM)},
pages = {1},
title = {{Kapasitor dan Dielektrik}},
url = {http://te.ugm.ac.id/{~}suharyanto/Files/Fisel/Kapasitans dan Dielektrik},
urldate = {2017-01-01},
year = {2008}
}
@article{Huang2013,
abstract = {June 2012, 11{\%} of the overall population in Taiwan was over the age of 65. This ratio is higher than the average figure for the United Nations (8{\%}). Critical issues concerning elderly in healthcare include fall detection, loneliness prevention and retard of obliviousness. In this study we design type-2 fuzzy models that utilize smart phone tri-axial accelerometer signals to detect fall incidents and identify abnormal gaits among elderly. Once a fall incident is detected an alarm is sent to notify the medical staff for taking any necessary treatment. When the proposed system is used as a pedometer, all the tri-axial accelerometer signals are used to identify the gaits during walking. Based on the proposed type-2 fuzzy models, the walking gaits can be identified as normal, left-tilted, and right-tilted. Experimental results from type-2 fuzzy models reveal that the accuracy rates in identifying normal walking and fall over are 92.3{\%} and 100{\%}, respectively, exceeding what are obtained using type-1 fuzzy models. {\textcopyright} 2013 IEEE.},
author = {Huang, Yo Ping and Liu, Wei Heng and Chen, Szu Ying and Sandnes, Frode Eika},
doi = {10.1109/SMC.2013.587},
isbn = {9780769551548},
journal = {Proceedings - 2013 IEEE International Conference on Systems, Man, and Cybernetics, SMC 2013},
keywords = {Accelerometer,Fall detection,Gait,Healthcare,Type-2 fuzzy models},
pages = {3441--3446},
title = {{Using type-2 fuzzy models to detect fall incidents and abnormal gaits among elderly}},
year = {2013}
}
@article{Junaedy2017,
author = {Junaedy, Alfin and Sulistijono, Indra Adji and Hanafi, Nofria},
doi = {10.1109/KCIC.2017.8228584},
isbn = {9781538607169},
journal = {Proceedings - International Electronics Symposium on Knowledge Creation and Intelligent Computing, IES-KCIC 2017},
keywords = {Robot,camera,coconut tree,image processing,particle swarm optimization},
pages = {182--187},
title = {{Particle swarm optimization for coconut detection in a coconut tree plucking robot}},
volume = {2017-Janua},
year = {2017}
}
@article{Wang2013,
author = {Wang, Ping and Zhang, Yangyang and Hong, Yang and Dong, Lei},
doi = {10.1109/ISCID.2013.156},
isbn = {978-0-7695-5079-4},
journal = {2013 Sixth International Symposium on Computational Intelligence and Design},
keywords = {- t umble detection,adaptive fuzzy,diagram of the detection,figure 1 overall block,network,neural,positioning and alarm after,the system support elderly,three-axis acceleration sensor},
pages = {169--172},
title = {{Design of Elderly Tumble Detection System Based on Fuzzy Algorithm}},
url = {http://ieeexplore.ieee.org/document/6804855/},
volume = {1},
year = {2013}
}
@article{Sambariya2017,
author = {Sambariya, D K and Fagana, Rajendra},
doi = {10.12691/automation-5-1-5},
file = {:home/zain/.local/share/data/Mendeley Ltd./Mendeley Desktop/Downloaded/Sambariya, Fagana - 2017 - Load Frequency Control of Multi-Area Hydro Thermal Power System Using Elephant Herding Optimization Technique.pdf:pdf},
keywords = {and rajendra fagana,cite this article,control,controller,d,eho,elephant herding optimization,elephant herding optimization technique,hydro,journal of automation and,k,load frequency control,load frequency control of,multi-area hydro,pid,power plant,proportional integral derivative,sambariya,thermal power plant,thermal power system using},
number = {1},
pages = {25--36},
title = {{Load Frequency Control of Multi-Area Hydro Thermal Power System Using Elephant Herding Optimization Technique}},
volume = {5},
year = {2017}
}
@article{Norhabibah2017,
author = {Norhabibah, Siti and K, Wahyu Andhyka and Risqiwati, Diah},
doi = {https://doi.org/10.21070/joincs.v1i1.803},
issn = {2541-5123},
journal = {JOINCS (Journal of Informatics, Network, and Computer Science)},
number = {1},
pages = {43--52},
title = {{Rancang Bangun Sistem Monitoring Deteksi Jatuh untuk Manula dengan Menggunakan Accelerometer}},
volume = {1},
year = {2017}
}
@article{Ade2003,
abstract = {Rangkaian penyearah gelombang penuh tak terkontrol tiga fasa dan inverter tiga fasa menimbulkan harmonisa yang besar. Dengan timbulnya harmonisa pada sumber 3fasa tersebut maka dilakukan pengurangan spektrum harmonisa dengan cara pemasangan filter pasif menggunakan metode tuned filter pada frekuensi 250 Hz dan 350 Hz karena pada kedua frekuensi tersebut memiliki spektrum harmonisa yang paling dominan. Transformator di fungsikan sebagai induktor filter. Pada sisi sekunder transformator mengalir arus dalam bentuk sinyal AC yang kemudian disearahkan menggunakan rectifier 1fasa dan tegangan output hasil paralel rectifier 1fasa di atur dengan buck-boost converter untuk pengisian ke accu. Dari hasil pengujian alat yang dibuat, hasilnya sudah mendekati hasil yang di harapkan yaitu dapat mereduksi harmonisa namun belum bisa sesuai standard yang ditetapkan dikarenakan kualitas dari komponen yang dipakai. THDi mengalami penurunan dari 20.71{\%} menjadi 11.92{\%} untuk penggunaan beban converter 6pulsa dan untuk penggunaan beban inverter 3fasa THDi mengalami penurunan dari 163.43{\%} menjadi 62.32{\%}. Selain itu daya pada travo filter juga dapat digunakan sebagai penghasil sumber DC.},
author = {Ade, Andrias and Efendi, M Zaenal},
file = {:home/zain/.local/share/data/Mendeley Ltd./Mendeley Desktop/Downloaded/Ade, Efendi - 2003 - Penggunaan Filter Pasif Untuk Mereduksi Harmonisa Akibat Pemakaian Beban Non Linear.pdf:pdf},
pages = {1--11},
title = {{Penggunaan Filter Pasif Untuk Mereduksi Harmonisa Akibat Pemakaian Beban Non Linear}},
year = {2003}
}
@misc{Aceh2017,
author = {Aceh, Semen Indonesia},
title = {{Profil Perusahaan}},
url = {http://semenindonesiaaceh.com/profil-perusahaan/},
urldate = {2017-01-01},
year = {2017}
}
@article{Syaryadhi2016,
abstract = {{\textless}p{\textgreater}A bridge is planned and built with a certain capability against vehicles through it. The vehicles movement causes vibration and vertical deflection on certain parts of the bridge. If the vibration occurs continuously in a great value, then the bridge will be damaged sooner than had been planned. This research reports a design of a vertical deflection measuring system prototype on bridge, employing an accelerometer MMA7361 sensor which is controlledby ATmega32. The system was tested by manually loading the trial bridge with 1 m of length. The loading deflects down the bridge to maximum 15 cm from the reference point. Sensor readout data was sent wirelessly using ZigBee real time to computer in a graphical display for easy analysis. The research give an alternative method in vertical deflection measuring on the bridge that can be utilized by stakeholder in policy decision.{\textless}/p{\textgreater}},
author = {Syaryadhi, Mohd and Hasibuan, Purwandy and Suhardi, Suhardi},
doi = {10.17529/jre.v11i5.3215},
issn = {2252-620X},
journal = {Jurnal Rekayasa Elektrika},
number = {5},
pages = {183},
title = {{Penggunaan Accelerometer MMA7361 sebagai Alternatif Pengukuran Lendutan pada Jembatan Secara Nirkabel Berbasis ATmega32}},
url = {http://www.jurnal.unsyiah.ac.id/JRE/article/view/3215},
volume = {11},
year = {2016}
}
@article{Dinh2009,
abstract = {—A real-time fall detection system monitors the daily activity of especially elderly people to enlist someone's help as fast as possible in case of emergency. This paper presents a new real-time fall detection algorithm using a single commercial accelerometer. After transforming the acceleration data from Cartesian coordinates to spherical coordinates, the main part of the algorithm is based on a fuzzy logic inference system and a neural network. These methods allow both the integration of specific expert knowledge about typical falls as well as generalization ability. In order to compare the achieved performance of the method to those of literature, four fall scenarios (forward, backward, sideward and collapse) were performed and evaluated in a laboratory trial with, in the first instance, 5 test subjects. The average sensitivity of those four fall scenarios reached 94{\%} and the false positive rate was about 0.35{\%}. These results show that one single accelerometer is completely sufficient to implement a reliable fall detection system and, furthermore, that knowledge based methods are a suitable alternative to standard pattern recognition methods.},
author = {Dinh, Christoph and Struck, Matthias},
doi = {10.1109/PHEALTH.2009.5754822},
isbn = {978-1-4244-5252-1},
issn = {1341-027X},
journal = {International Workshop on Wearable Micro and Nano Technologies for Personalized Health},
pages = {57--60},
pmid = {21910034},
title = {{A new real-time fall detection approach using fuzzy logic and a neural network}},
year = {2009}
}
@article{Ecl2013,
author = {Ecl, Input And-or-inverter},
file = {:home/zain/.local/share/data/Mendeley Ltd./Mendeley Desktop/Downloaded/Ecl - 2013 - Simulasi Rancangan Gerbang Logika 3 Wide -.pdf:pdf},
number = {1},
pages = {7--14},
title = {{Simulasi Rancangan Gerbang Logika 3 Wide -}},
volume = {7},
year = {2013}
}
@article{Jung2013,
author = {Jung, Jong Jin and Kwon, Sukmin and Kim, Ji Hoon and Kim, Ji Yeon},
doi = {10.1109/ICISA.2013.6579378},
file = {:home/zain/.local/share/data/Mendeley Ltd./Mendeley Desktop/Downloaded/Jung et al. - 2013 - Emotional image processing using sensors in mobile device.pdf:pdf},
isbn = {9781479906031},
journal = {2013 International Conference on Information Science and Applications, ICISA 2013},
keywords = {emotional UI,image processing,mobile device,sensor},
pages = {1--3},
title = {{Emotional image processing using sensors in mobile device}},
year = {2013}
}
@article{Studi,
author = {Studi, Program and Elektro, Teknik and Industri, Fakultas Teknologi and Padang, Institut Teknologi and Gajah, Jln and Kandis, Mada and Padang, Nanggalo and Belakang, Latar},
file = {:home/zain/.local/share/data/Mendeley Ltd./Mendeley Desktop/Downloaded/Studi et al. - Unknown - PERENCANAAN FILTER PASIF UNTUK MENGURANGI HARMONIK E-27 Prosiding Seminar Nasional Teknoin 2008 Bidang Teknik E.pdf:pdf},
pages = {27--30},
title = {{PERENCANAAN FILTER PASIF UNTUK MENGURANGI HARMONIK E-27 Prosiding Seminar Nasional Teknoin 2008 Bidang Teknik Elektro E-28}}
}
@article{Wahyu,
author = {Wahyu, Dhani and Putra, Utama and Warsito, Agung and Handoko, Susatyo},
file = {:home/zain/.local/share/data/Mendeley Ltd./Mendeley Desktop/Downloaded/Wahyu et al. - Unknown - Simulasi Penggunaan Filter Aktif Paraleluntuk Pt Kaltim Prima Coal.pdf:pdf},
keywords = {current thd,harmonics,p-q theory,shunt active power filter},
title = {{Simulasi Penggunaan Filter Aktif Paraleluntuk Pt Kaltim Prima Coal}}
}
@article{Nugraha2010,
author = {Nugraha, Deny Wiria},
file = {:home/zain/.local/share/data/Mendeley Ltd./Mendeley Desktop/Downloaded/Nugraha - 2010 - Sistem pengaturan mesin pemotong kentang berbasis Programmable Logic Controller.pdf:pdf},
journal = {SMARTek},
keywords = {dc motor,limit switch,plc,programmable logic controller,sensor},
number = {4},
pages = {270--279},
title = {{Sistem pengaturan mesin pemotong kentang berbasis Programmable Logic Controller}},
url = {http://jurnal.untad.ac.id/jurnal/index.php/SMARTEK/article/viewFile/646/562},
volume = {8},
year = {2010}
}
@article{Huang2014,
abstract = {Fall detection is an active research topic due to the need to prevent accidents from occurring among increasingly aged population in the world. Fall accident is not only harmful to elderly physical health but also will leave side effects, such as emotional trauma, to their daily life because of fear of falling again. Most fall-related research only focused on proposing methodologies to identify whether fall accidents occurred. This study approaches from analyzing elderly daily activities that may cause fall accidents. Interval type-2 fuzzy models are proposed to automatically detect elderly activity patterns. A multilayer detection system is devised to further identify elderly activity types. Signal Vector Magnitude (SVM) and Signal Magnitude Area (SMA) methods are used to discriminate fall activities from moderate and jog ones so that detection effort can be further simplified. Experimental results reveal that the proposed system can correctly identify fall activities. As for normal walking and jog activities the accuracy rates are higher than 80{\%}.},
author = {Huang, Y P and Chen, J Y},
doi = {10.1109/SMC.2014.6974162},
file = {:home/zain/Documents/didinTA/latex/teori penunjang/international jurnal/baru/Identifying elderly activity types by interval type-2 fuzzy models.pdf:pdf},
isbn = {1062-922X},
issn = {1062922X},
journal = {2014 IEEE International Conference on Systems, Man, and Cybernetics (SMC)},
keywords = {Accelerometers,Accidents,Accuracy,Firing,Legged locomotion,SMA method,SVM,Senior citizens,Support vector machines,accelerometer,accident prevention,activity types,elderly activity pattern,elderly activity type,elderly physical health,emotional trauma,fall accident,fall detection,fall-related research,fuzzy set theory,geriatrics,health care,injuries,interval type-2 fuzzy model,medical diagnostic computing,multilayer detection system,signal detection,signal magnitude area,signal vector magnitude,smart phones},
pages = {1702--1707},
title = {{Identifying elderly activity types by interval type-2 fuzzy models}},
year = {2014}
}
@article{Yacchirema2018,
abstract = {Falls represent a major public health risk worldwide for the elderly people. A fall not assisted in time can cause functional impairment in an elder and a significant decrease in his mobility, independence and life quality. In that sense, the present work proposes an innovative IoT-based system for detecting falls of elderly people in indoor environments, which takes advantages of low-power wireless sensor networks, smart devices, big data and cloud computing. For this purpose, a 3D-axis accelerometer embedded into a 6LowPAN device wearable is used, which is responsible for collecting data from movements of elderly people in real-time. To provide high efficiency in fall detection, the sensor readings are processed and analyzed using a decision trees-based Big Data model running on a Smart IoT Gateway. If a fall is detected, an alert is activated and the system reacts automatically by sending notifications to the groups responsible for the care of the elderly people. Finally, the system provides services built on cloud. From medical perspective, there is a storage service that enables healthcare professional to access to falls data for perform further analysis. On the other hand, the system provides a service leveraging this data to create a new machine learning model each time a fall is detected. The results of experiments have shown high success rates in fall detection in terms of accuracy, precision and gain.},
author = {Yacchirema, Diana and de Puga, Jara Su{\'{a}}rez and Palau, Carlos and Esteve, Manuel},
doi = {10.1016/J.PROCS.2018.04.110},
file = {:home/zain/Documents/didinTA/latex/teori penunjang/international jurnal/Fall detection system for elderly people using IoT and Big Data.pdf:pdf},
issn = {1877-0509},
journal = {Procedia Computer Science},
keywords = {6LowPAN,Big Data,Fall detection,Internet-of-Things,Smart IoT Gateway,accelerometer,decision tree learning algorithm,elderly people,fall detection,wearable sensor},
pages = {603--610},
publisher = {Elsevier B.V.},
title = {{Fall detection system for elderly people using IoT and Big Data}},
url = {https://www.sciencedirect.com/science/article/pii/S1877050918304721},
volume = {130},
year = {2018}
}
@article{Ashar2016,
author = {Ashar, Permata Hidayat},
journal = {Skripsi Fakultas Kedokteran dan Ilmu Kesehatan Universitas Islam Negeri Syarif Hidayatullah},
title = {{Gambaran persepsi faktor risiko jatuh pada lansia di panti werdha budi mulia 4 margaguna Jakarta Selatan}},
year = {2016}
}
@article{Utami2017a,
author = {Utami, Nita},
file = {:home/zain/Documents/didinTA/latex/teori penunjang/jatuh pada lansia/NASKAH PUBLIKASI NITA UTAMI.pdf:pdf},
title = {{Disusun oleh: NITA UTAMI 201310201041}},
year = {2017}
}
@book{FATHURRAHMAN,
address = {Surabaya},
author = {FATHURRAHMAN, L.},
publisher = {Institut Teknologi Sepuluh Nopember},
title = {{SISTEM PENDETEKSI KONDISI TERJATUH BERBASIS ACCELEROMETER DAN GYROSCOPE MENGGUNAKAN ADAPTIVE NEURO FUZZY INFERENCE SYSTEM}},
year = {2018}
}
@article{Ic2016,
author = {Ic, Battery Protection},
file = {:home/zain/.local/share/data/Mendeley Ltd./Mendeley Desktop/Downloaded/Ic - 2016 - S-8205AB Series BATTERY PROTECTION IC.pdf:pdf},
pages = {2010--2016},
title = {{S-8205A/B Series  BATTERY PROTECTION IC}},
year = {2016}
}
@article{Rinaldi,
author = {Rinaldi, Muhammad Rizqi and Zuraiyah, Tjut Awaliyah and Kom, M and Chairunnas, Andri and Pd, M},
file = {:run/media/zain/education, work/kuliah S1/Tugas Akhir/Persiapan proposal TA/teori penunjang/dasar teori/mic/Model Rangkaian Pengukur Intensitas Suara Menggunakan Smartphone.pdf:pdf},
title = {{Model Rangkaian Pengukur Intensitas Suara Menggunakan Smartphone Android Berbasis ATMega328}}
}
@article{Ichwan2013,
abstract = {Kebutuhan akan sistem pengendalian jarak jauh semakin meningkat dimana perpindahan dan pergerakan manusia semakin luas dan cepat. Selama ini masyarakat dapat mengendalikan sesuatu dari jarak jauh dengan menggunakan remote control, akan tetapi pengendalian tersebut dibatasi oleh jarak. Agar cakupan jarak semakin luas salah satu solusinya menggunakan ponsel dengan sistem operasi Android sebagai remote control yang memanfaatkan jaringan internet. Oleh sebab itu, diadakan kegiatan pembangunan prototype aplikasi sistem pengendalian peralatan listrik pada platform android. Perancangan user interface yang menarik dan mudah dipahami oleh user sangatlah penting pada pembangunan aplikasi ini. Penggunaan mikrokontroler dimanfaatkan sebagai media komunikasi antara unit kontrol dengan peralatan litsrik yang akan dikendalikan (lampu). Peran Ethernet Shield untuk mikrokontroler yaitu agar mikrokontroler terhubung dengan jaringan internet. Dengan adanya aplikasi ini diharapkan dapat menjadi salah satu solusi alternatif baru untuk sistem pengendalian peralatan listrik jarak jauh.},
author = {Ichwan, Muhammad and Husada, Milda Gustiana and {M. Iqbal Ar Rasyid}},
journal = {Jurnal Informatika},
keywords = {1,2087,4,5266,android,april 2013 issn,control,ethernet shiled,januari,microcontroller,no,vol,yaler},
number = {1},
pages = {13--25},
title = {{Pembangunan Prototipe Sistem Pengendalian Peralatan Listrik Pada Platform Android}},
volume = {4},
year = {2013}
}
@article{Prasetyadi2012,
author = {Prasetyadi, Willy and Wibowo, Rony Seto and Penangsang, Ontoseno},
file = {:home/zain/.local/share/data/Mendeley Ltd./Mendeley Desktop/Downloaded/Prasetyadi, Wibowo, Penangsang - 2012 - Evaluasi Harmonisa dan Perencanaan Filter Pasif pada Sisi Tegangan 20 kV Akibat Penambahan Beban.pdf:pdf},
number = {1},
pages = {1--6},
title = {{Evaluasi Harmonisa dan Perencanaan Filter Pasif pada Sisi Tegangan 20 kV Akibat Penambahan Beban pada Sistem Kelistrikan Pabrik Semen Tuban}},
volume = {1},
year = {2012}
}
@article{Rathi2018,
abstract = {In today's society fall has become a very serious issue and also a threat to older generation. Fall leads to major injuries, physical disability and sometimes death. Therefore, there is a need to design a dependable embedded system device which will help in detecting the fall and further sends an emergency notification and thus helps in preventing the fall. Many researchers have considered human fall as an unpredictable danger to the life of older generation. Hence lot of research has been done in this area to develop a fall detection system. The existing fall detection systems are efficient but they lack in sensor optimization, early fall detection and efficient wireless communication. In this study, we have demonstrated a pre-fall detection system which detects human falls approximately 250 ms before it occurs. Early fall detection helps in preventing the subject from serious injuries. The designed system monitors user balanced and unbalanced state. Once the unbalance state is detected the system signifies it as a fall, thus gives milliseconds of time to trigger the safety devices like wearable airbag worn by a subject. On fall the system sends emergency notification to the care taker using either Internet of things (IoT) or Bluetooth low energy (BLE). The Hardware system is designed such that it consumes low power and it is a dependable embedded system with easy to wear capabilities for the subject. The designed system uses Arm Processor associated with motion sensors, communication sensors, Signal sensor and MicroSD Card. The software and hardware combination was developed to get optimal low power consumption by switching the CPU between active and sleep mode. The practical experiments performed on the designed system results in giving the 100{\%} sensitivity and 98.07{\%} specificity for fall detection. The wireless communication is efficiently designed such that the power is consumed only when the fall is triggered. The designed system acknowledges the difference - etween activity of daily living (ADL) like walking, sitting running, and climbing stairs with actual fall.},
author = {and bluetooth capabilitieseeraj Rathi, NWearable low power pre-fall detection system with IoT and Kakani, Monika and El-Sharkawy, Mohamed and Rizkalla, Maher},
doi = {10.1109/NAECON.2017.8268778},
isbn = {9781538632000},
issn = {23792027},
journal = {Proceedings of the IEEE National Aerospace Electronics Conference, NAECON},
keywords = {BLE,Internet of Things,Low Power,Pre-fall},
pages = {241--244},
title = {{Wearable low power pre-fall detection system with IoT and bluetooth capabilities}},
volume = {2017-June},
year = {2018}
}
@article{Indonesia,
author = {Indonesia, Universitas Komputer and Hierarchical, Self-organizing and Optimiza-, Algoritma Particle Swarm and Adaptif, Filter and Error, Mean Square},
number = {1},
pages = {135--146},
title = {{Pada Aplikasi Filter Adaptive Noise Cancellation}},
volume = {11}
}
@article{Arifin2013,
author = {Arifin, Zaenal},
file = {:home/zain/.local/share/data/Mendeley Ltd./Mendeley Desktop/Downloaded/Arifin - 2013 - STUDI HARGA PENAWARAN DAN FAKTOR PENENTU PEMENANG TENDER Jurusan Teknik Sipil , Universitas Islam Indonesia , Yogyakarta.pdf:pdf},
number = {KoNTekS 7},
pages = {24--26},
title = {{STUDI HARGA PENAWARAN DAN FAKTOR PENENTU PEMENANG TENDER Jurusan Teknik Sipil , Universitas Islam Indonesia , Yogyakarta , Indonesia , Email : zaenal{\_}pag@yahoo.com Jurusan Teknik Sipil , Universitas Islam Indonesia , Yogyakarta , Indonesia 3 . METODE PENE}},
volume = {7},
year = {2013}
}
@article{AndiSyofian&AnjuMartulesi2008,
author = {{Andi Syofian {\&} Anju Martulesi}},
file = {:home/zain/.local/share/data/Mendeley Ltd./Mendeley Desktop/Downloaded/Andi Syofian {\&} Anju Martulesi - 2008 - Perencanaan dan Analisis Penentuan Letak Filter Harmonik pada Sistem Tenaga Listrik.pdf:pdf},
pages = {1--8},
title = {{Perencanaan dan Analisis Penentuan Letak Filter Harmonik pada Sistem Tenaga Listrik}},
year = {2008}
}
@article{Oktafiana1944,
abstract = {Perkembangan IT di dunia sangat pesat, mulai dari perkembangan sofware hingga hardware. Teknologi sekarang telah mendominasi sebagian besar di permukaan bumi ini. Karena semakin cepatnya perkembangan Teknologi, kita sebagai pengguna bisa ketinggalan informasi mengenai teknologi baru apabila kita tidak up to date dalam pengetahuan teknologi ini. Hal itu dapat membuat kita mudah tergiur dan tertipu dengan berbagai iklan teknologi tanpa memikirkan sisi negatifnya. Sebagai pengguna dari komputer, kita sebaiknya tahu seputar mengenai komponen-komponen komputer. Karena saat ini banyak orang yang dapat mengoperasikan komputer namun, tidak mengetahui bagaimana operasi itu berlangsung. Bagian terpenting dalam operasi komputer merupakan processor dan memori. Processor sering di sebut sebagai otak komputer sedangkan memori adalah komponen pembantu dalam kinerja processor 1.},
author = {Oktafiana, Eris and Informasi, Jurusan and Komputer, Teknologi and Centre, El-rahma Education},
file = {:home/zain/.local/share/data/Mendeley Ltd./Mendeley Desktop/Downloaded/Oktafiana et al. - 1944 - Tugas Jurnal Ilmiah.pdf:pdf},
number = {21},
pages = {1--5},
title = {{Tugas Jurnal Ilmiah}},
year = {1944}
}
@article{Riyadi2010,
abstract = {Pendeteksi Posisi Menggunakan Sensor Accelerometer MMA7260Q},
author = {Riyadi, Muhammad and Setiawan, Iwan and Jurusan, Mahasiswa and Elektro, Teknik and Teknik, Fakultas and Diponegoro, Universitas and Jurusan, Dosen and Elektro, Teknik and Teknik, Fakultas and Diponegoro, Universitas},
journal = {Semarang, Teknik Elektro Universitas Diponegoro},
keywords = {accelerometer,double integral,microcontroller atmega 32,position},
number = {2},
pages = {76--81},
title = {{Pendeteksi Posisi Menggunakan Sensor Accelerometer MMA7260Q Berbasis Mikrokontroler Atmega 32}},
volume = {12},
year = {2010}
}
@article{Ilmiah2017,
author = {Ilmiah, Publikasi and Saputro, Devy Bagus and Studi, Program and Elektro, Teknik and Teknik, Fakultas and Surakarta, Universitas Muhammadiyah},
file = {:home/zain/.local/share/data/Mendeley Ltd./Mendeley Desktop/Downloaded/Ilmiah et al. - 2017 - Analisis dan perancangan filter pasif untuk mereduksi pengaruh harmonisa pada inverter 3 - fasa menggunakan matla.pdf:pdf},
title = {{Analisis dan perancangan filter pasif untuk mereduksi pengaruh harmonisa pada inverter 3 - fasa menggunakan matlab/ simulink}},
year = {2017}
}
@article{Yacchirema2018a,
abstract = {Falls represent a major public health risk worldwide for the elderly people. A fall not assisted in time can cause functional impairment in an elder and a significant decrease in his mobility, independence and life quality. In that sense, the present work proposes an innovative IoT-based system for detecting falls of elderly people in indoor environments, which takes advantages of low-power wireless sensor networks, smart devices, big data and cloud computing. For this purpose, a 3D-axis accelerometer embedded into a 6LowPAN device wearable is used, which is responsible for collecting data from movements of elderly people in real-time. To provide high efficiency in fall detection, the sensor readings are processed and analyzed using a decision trees-based Big Data model running on a Smart IoT Gateway. If a fall is detected, an alert is activated and the system reacts automatically by sending notifications to the groups responsible for the care of the elderly people. Finally, the system provides services built on cloud. From medical perspective, there is a storage service that enables healthcare professional to access to falls data for perform further analysis. On the other hand, the system provides a service leveraging this data to create a new machine learning model each time a fall is detected. The results of experiments have shown high success rates in fall detection in terms of accuracy, precision and gain.},
author = {Yacchirema, Diana and {De Puga}, Jara Su{\'{a}}rez and Palau, Carlos and Esteve, Manuel},
doi = {10.1016/j.procs.2018.04.110},
file = {:home/zain/Documents/didinTA/latex/teori penunjang/international jurnal/Fall detection system for elderly people using IoT and Big Data.pdf:pdf},
issn = {18770509},
journal = {Procedia Computer Science},
keywords = {6LowPAN,Big Data,Fall detection,Internet-of-Things,Smart IoT Gateway,accelerometer,decision tree learning algorithm,elderly people,fall detection,wearable sensor},
pages = {603--610},
publisher = {Elsevier B.V.},
title = {{Fall detection system for elderly people using IoT and Big Data}},
url = {https://doi.org/10.1016/j.procs.2018.04.110},
volume = {130},
year = {2018}
}
@article{Surana2013,
author = {Surana, Jigar and Hemalatha, CS and V.Vaidehi and Palavesam, SA and Khan, M.J.Adith},
doi = {10.1109/ICRTIT.2013.6844293},
file = {:home/zain/Documents/didinTA/latex/teori penunjang/international jurnal/baru/Adaptive learning based human activity and fall detection using fuzzy frequent pattern mining.pdf:pdf},
isbn = {9781479910243},
journal = {2013 International Conference on Recent Trends in Information Technology (ICRTIT)},
keywords = {11,8,ann,artificial neural network,for har,frequent pattern,fuzzy clustering,fuzzy inference system,have been extensively used,however,human activity recognition,learning,mining,these},
pages = {744--749},
title = {{Adaptive learning based human activity and fall detection using fuzzy frequent pattern mining}},
url = {http://ieeexplore.ieee.org/xpls/abs{\_}all.jsp?arnumber=6844293},
year = {2013}
}
@article{Melati2015a,
abstract = {Algoritma titik interior merupakan suatu metode penyelesaian permasalahan pemrograman linear dengan mentransformasikan titik interior awal ke dalam daerah fisibel sehingga mencapai solusi optimal penyelesaian pemrograman linear. Penelitian ini bertujuan mengaplikasikan algoritma titik interior dalam menyelesaikan permasalahan optimasi produksi makanan ringan berbahan baku nanas pada UP2K Melati, Prabumulih. Keuntungan produksi dihitung dengan memperhatikan kendala bahan baku dan proses produksi. Berdasarkan hasil penelitian, diperoleh keuntungan maksimum produksi UP2K Melati sebesar Rp 710.987,00. Produk UP2K Melati yang diproduksi adalah dodol nanas sejumlah 43 kemasan/250 gram, manisan nanas sejumlah 65 kemasan/250 gram, dan keripik nanas sejumlah 128 kemasan/250 gram. Produk wajik nanas tidak direkomendasikan untuk diproduksi, karena produk wajik nanas tidak meningkatkan keuntungan produksi.},
author = {Melati, Studi Kasus U P K and Kuntari, Asri and Octarina, Sisca and Cahyono, Endro Setyo},
file = {:home/zain/Documents/didinTA/latex/teori penunjang/dasar teori/optimasi/Optimasi Produksi Dan Analisis Sensitivitas
Menggunakan Algoritma Titik Interior
(Studi Kasus$\backslash$: UP2K Melati, Prabumulih).pdf:pdf},
journal = {Jurnal Matematika Integratif},
keywords = {interior point algorithm,linear programming,sensitivity analysis},
number = {1},
pages = {75--84},
title = {{Optimasi Produksi Dan Analisis Sensitivitas Menggunakan Algoritma Titik Interior (Studi Kasus: UP2K Melati, Prabumulih)}},
volume = {11},
year = {2015}
}
@article{Marteaux2002,
abstract = {Pendeteksi Posisi Menggunakan Sensor Accelerometer MMA7260Q},
author = {Marteaux, Alain},
doi = {10.3917/ctf.028.0157},
file = {:home/zain/Documents/didinTA/latex/teori penunjang/dasar teori/accelorometer/Pendeteksi Posisi Menggunakan Sensor Accelerometer MMA7260Q
Berbasis Mikrokontroler Atmega 32.pdf:pdf},
isbn = {9782804138707},
issn = {13728202},
journal = {Pendeteksi Posisi Menggunakan Sensor Accelerometer MMA7260Q Berbasis Mikrokontroler Atmega 32},
keywords = {accelerometer,double integral,microcontroller atmega 32,position},
number = {28},
pages = {210},
title = {{La fragilisation de la fonction paternelle dans le processus migratoire}},
volume = {1},
year = {2002}
}
@article{Utami2017,
author = {Utami, Nita},
journal = {Universitas Aisyiyah, Yogjakarta},
title = {{HUBUNGAN DUKUNGAN KELUARGA DENGAN RISIKO JATUH PADA LANSIA DI DESA KRASAKAN LUMBUNGREJO TEMPEL SLEMAN YOGYAKARTA}},
year = {2017}
}
@article{Melati2015,
abstract = {Algoritma titik interior merupakan suatu metode penyelesaian permasalahan pemrograman linear dengan mentransformasikan titik interior awal ke dalam daerah fisibel sehingga mencapai solusi optimal penyelesaian pemrograman linear. Penelitian ini bertujuan mengaplikasikan algoritma titik interior dalam menyelesaikan permasalahan optimasi produksi makanan ringan berbahan baku nanas pada UP2K Melati, Prabumulih. Keuntungan produksi dihitung dengan memperhatikan kendala bahan baku dan proses produksi. Berdasarkan hasil penelitian, diperoleh keuntungan maksimum produksi UP2K Melati sebesar Rp 710.987,00. Produk UP2K Melati yang diproduksi adalah dodol nanas sejumlah 43 kemasan/250 gram, manisan nanas sejumlah 65 kemasan/250 gram, dan keripik nanas sejumlah 128 kemasan/250 gram. Produk wajik nanas tidak direkomendasikan untuk diproduksi, karena produk wajik nanas tidak meningkatkan keuntungan produksi.},
author = {Melati, Studi Kasus U P K and Kuntari, Asri and Octarina, Sisca and Cahyono, Endro Setyo},
file = {:run/media/zain/education, work/kuliah S1/Tugas Akhir/Persiapan proposal TA/teori penunjang/dasar teori/optimasi/Optimasi Produksi Dan Analisis Sensitivitas
Menggunakan Algoritma Titik Interior
(Studi Kasus$\backslash$: UP2K Melati, Prabumulih).pdf:pdf},
journal = {Jurnal Matematika Integratif},
keywords = {interior point algorithm,linear programming,sensitivity analysis},
number = {1},
pages = {75--84},
title = {{Optimasi Produksi Dan Analisis Sensitivitas Menggunakan Algoritma Titik Interior (Studi Kasus: UP2K Melati, Prabumulih)}},
volume = {11},
year = {2015}
}
